@misc{Topology,
    author = {{The WE-Heraeus International Winter School on Gravity and Light}},
    title = {Lecture 1: Topology},
    howpublished = {YouTube Video},
    year = {2015},
    month = {February},
    url = {https://www.youtube.com/watch?v=7G4SqIboeig},
    urldate = {2023-08-15}, % Update with your access date
}